@inproceedings{DBLP:conf/lpnmr/AbelsJOSTW19,
  author = {Abels, Dirk and Jordi, Julian and Ostrowski, Max and Schaub, Torsten and Toletti, Ambra and Wanko, Philipp},
  title = {Train Scheduling with Hybrid {ASP}},
  booktitle = {{LPNMR}},
  series = {Lecture Notes in Computer Science},
  volume = {11481},
  pages = {3--17},
  publisher = {Springer},
  year = {2019},
  url = {https://www.cs.uni-potsdam.de/wv/publications/DBLP_conf/lpnmr/AbelsJOSTW19.pdf}
}


@misc{crowdAISBB,
  title = {starter-kit Repo for the SBB Train Schedule Optimisation Challenge on crowdAI: {Input Data Model}},
  howpublished = {\url{https://github.com/crowdAI/train-schedule-optimisation-challenge-starter-kit/blob/master/documentation/input_data_model.md}},
  note = {Accessed: 2019-11-04}
}

@article{DBLP:journals/corr/abs-1807-11876,
  author    = {Eric Larsen and
               S{\'{e}}bastien Lachapelle and
               Yoshua Bengio and
               Emma Frejinger and
               Simon Lacoste{-}Julien and
               Andrea Lodi},
  title     = {Predicting Solution Summaries to Integer Linear Programs under Imperfect
               Information with Machine Learning},
  journal   = {CoRR},
  volume    = {abs/1807.11876},
  year      = {2018},
  url       = {http://arxiv.org/abs/1807.11876},
  archivePrefix = {arXiv},
  eprint    = {1807.11876},
  timestamp = {Mon, 13 Aug 2018 16:48:49 +0200},
  biburl    = {https://dblp.org/rec/bib/journals/corr/abs-1807-11876},
  bibsource = {dblp computer science bibliography, https://dblp.org}
}
